% Song, Havlin, Makse article
@article{song2006origins,
  title={Origins of fractality in the growth of complex networks},
  author={Song, Chaoming and Havlin, Shlomo and Makse, Hern{\'a}n A},
  journal={Nature physics},
  volume={2},
  number={4},
  pages={275--281},
  year={2006},
  publisher={Nature Publishing Group UK London}
}
